@inproceedings{Zhao_2018,
	doi = {10.18653/v1/d18-1521},
	url = {https://doi.org/10.18653%2Fv1%2Fd18-1521},
	year = 2018,
	publisher = {Association for Computational Linguistics},
	author = {Jieyu Zhao and Yichao Zhou and Zeyu Li and Wei Wang and Kai-Wei Chang},
	title = {Learning Gender-Neutral Word Embeddings},
	booktitle = {Proceedings of the 2018 Conference on Empirical Methods in Natural Language Processing}
}

@inproceedings{Escud_Font_2019,
	doi = {10.18653/v1/w19-3821},
	url = {https://doi.org/10.18653%2Fv1%2Fw19-3821},
	year = 2019,
	publisher = {Association for Computational Linguistics},
	author = {Joel Escud{\'{e}} Font and Marta R. Costa-juss{\`{a}}},
	title = {Equalizing Gender Bias in Neural Machine Translation with Word Embeddings Techniques},
	booktitle = {Proceedings of the First Workshop on Gender Bias in Natural Language Processing}
}

@inproceedings{Stanovsky_2019,
	doi = {10.18653/v1/p19-1164},
	url = {https://doi.org/10.18653%2Fv1%2Fp19-1164},
	year = 2019,
	publisher = {Association for Computational Linguistics},
	author = {Gabriel Stanovsky and Noah A. Smith and Luke Zettlemoyer},
	title = {Evaluating Gender Bias in Machine Translation},
	booktitle = {Proceedings of the 57th Annual Meeting of the Association for Computational Linguistics}
}

@article{Savoldi_2021,
	doi = {10.1162/tacl_a_00401},
	url = {https://doi.org/10.1162%2Ftacl_a_00401},
	year = 2021,
	publisher = {{MIT} Press},
	volume = {9},
	pages = {845--874},
	author = {Beatrice Savoldi and Marco Gaido and Luisa Bentivogli and Matteo Negri and Marco Turchi},
	title = {Gender Bias in Machine Translation},
	journal = {Transactions of the Association for Computational Linguistics}
}

